%YAML 1.1
%TAG !u! tag:unity3d.com,2011:
--- !u!1 &9176619916171690049
GameObject:
  m_ObjectHideFlags: 0
  m_CorrespondingSourceObject: {fileID: 0}
  m_PrefabInstance: {fileID: 0}
  m_PrefabAsset: {fileID: 0}
  serializedVersion: 6
  m_Component:
  - component: {fileID: 4640045801067495718}
  - component: {fileID: 5923426777316582129}
  - component: {fileID: 4951748013407686702}
  - component: {fileID: 5731784403007522074}
  - component: {fileID: 4879002274164428084}
  - component: {fileID: 7325246360032181505}
  - component: {fileID: 4465773216772908565}
  - component: {fileID: 1990165468349781411}
  - component: {fileID: 8861028316165133539}
  - component: {fileID: 8686216077928006124}
  m_Layer: 9
  m_Name: Mars
  m_TagString: Untagged
  m_Icon: {fileID: 0}
  m_NavMeshLayer: 0
  m_StaticEditorFlags: 0
  m_IsActive: 1
--- !u!4 &4640045801067495718
Transform:
  m_ObjectHideFlags: 0
  m_CorrespondingSourceObject: {fileID: 0}
  m_PrefabInstance: {fileID: 0}
  m_PrefabAsset: {fileID: 0}
  m_GameObject: {fileID: 9176619916171690049}
  m_LocalRotation: {x: 0, y: 0, z: 0, w: 1}
  m_LocalPosition: {x: 0, y: 0, z: 0}
  m_LocalScale: {x: 1, y: 1, z: 1}
  m_Children:
  - {fileID: 687482689510121011}
  m_Father: {fileID: 0}
  m_RootOrder: 0
  m_LocalEulerAnglesHint: {x: 0, y: 0, z: 0}
--- !u!33 &5923426777316582129
MeshFilter:
  m_ObjectHideFlags: 0
  m_CorrespondingSourceObject: {fileID: 0}
  m_PrefabInstance: {fileID: 0}
  m_PrefabAsset: {fileID: 0}
  m_GameObject: {fileID: 9176619916171690049}
  m_Mesh: {fileID: 10207, guid: 0000000000000000e000000000000000, type: 0}
--- !u!23 &4951748013407686702
MeshRenderer:
  m_ObjectHideFlags: 0
  m_CorrespondingSourceObject: {fileID: 0}
  m_PrefabInstance: {fileID: 0}
  m_PrefabAsset: {fileID: 0}
  m_GameObject: {fileID: 9176619916171690049}
  m_Enabled: 1
  m_CastShadows: 0
  m_ReceiveShadows: 0
  m_DynamicOccludee: 1
  m_MotionVectors: 1
  m_LightProbeUsage: 0
  m_ReflectionProbeUsage: 0
  m_RayTracingMode: 2
  m_RenderingLayerMask: 1
  m_RendererPriority: 0
  m_Materials:
  - {fileID: 2100000, guid: 371276ac82e0660409459633a70faca3, type: 2}
  m_StaticBatchInfo:
    firstSubMesh: 0
    subMeshCount: 0
  m_StaticBatchRoot: {fileID: 0}
  m_ProbeAnchor: {fileID: 0}
  m_LightProbeVolumeOverride: {fileID: 0}
  m_ScaleInLightmap: 1
  m_ReceiveGI: 1
  m_PreserveUVs: 0
  m_IgnoreNormalsForChartDetection: 0
  m_ImportantGI: 0
  m_StitchLightmapSeams: 1
  m_SelectedEditorRenderState: 3
  m_MinimumChartSize: 4
  m_AutoUVMaxDistance: 0.5
  m_AutoUVMaxAngle: 89
  m_LightmapParameters: {fileID: 0}
  m_SortingLayerID: 0
  m_SortingLayer: 0
  m_SortingOrder: 0
--- !u!135 &5731784403007522074
SphereCollider:
  m_ObjectHideFlags: 0
  m_CorrespondingSourceObject: {fileID: 0}
  m_PrefabInstance: {fileID: 0}
  m_PrefabAsset: {fileID: 0}
  m_GameObject: {fileID: 9176619916171690049}
  m_Material: {fileID: 0}
  m_IsTrigger: 0
  m_Enabled: 1
  serializedVersion: 2
  m_Radius: 0.5
  m_Center: {x: 0, y: 0, z: 0}
--- !u!54 &4879002274164428084
Rigidbody:
  m_ObjectHideFlags: 0
  m_CorrespondingSourceObject: {fileID: 0}
  m_PrefabInstance: {fileID: 0}
  m_PrefabAsset: {fileID: 0}
  m_GameObject: {fileID: 9176619916171690049}
  serializedVersion: 2
  m_Mass: 120
  m_Drag: 0
  m_AngularDrag: 0.05
  m_UseGravity: 0
  m_IsKinematic: 1
  m_Interpolate: 0
  m_Constraints: 80
  m_CollisionDetection: 0
--- !u!114 &7325246360032181505
MonoBehaviour:
  m_ObjectHideFlags: 0
  m_CorrespondingSourceObject: {fileID: 0}
  m_PrefabInstance: {fileID: 0}
  m_PrefabAsset: {fileID: 0}
  m_GameObject: {fileID: 9176619916171690049}
  m_Enabled: 1
  m_EditorHideFlags: 0
  m_Script: {fileID: 11500000, guid: 4720d2b09be3c724f950e7bbfab23217, type: 3}
  m_Name: 
  m_EditorClassIdentifier: 
  AttractedTo:
    serializedVersion: 2
    m_Bits: 0
--- !u!120 &4465773216772908565
LineRenderer:
  m_ObjectHideFlags: 0
  m_CorrespondingSourceObject: {fileID: 0}
  m_PrefabInstance: {fileID: 0}
  m_PrefabAsset: {fileID: 0}
  m_GameObject: {fileID: 9176619916171690049}
  m_Enabled: 1
  m_CastShadows: 0
  m_ReceiveShadows: 0
  m_DynamicOccludee: 1
  m_MotionVectors: 0
  m_LightProbeUsage: 0
  m_ReflectionProbeUsage: 0
  m_RayTracingMode: 0
  m_RenderingLayerMask: 1
  m_RendererPriority: 0
  m_Materials:
  - {fileID: 10306, guid: 0000000000000000f000000000000000, type: 0}
  m_StaticBatchInfo:
    firstSubMesh: 0
    subMeshCount: 0
  m_StaticBatchRoot: {fileID: 0}
  m_ProbeAnchor: {fileID: 0}
  m_LightProbeVolumeOverride: {fileID: 0}
  m_ScaleInLightmap: 1
  m_ReceiveGI: 1
  m_PreserveUVs: 0
  m_IgnoreNormalsForChartDetection: 0
  m_ImportantGI: 0
  m_StitchLightmapSeams: 1
  m_SelectedEditorRenderState: 3
  m_MinimumChartSize: 4
  m_AutoUVMaxDistance: 0.5
  m_AutoUVMaxAngle: 89
  m_LightmapParameters: {fileID: 0}
  m_SortingLayerID: 0
  m_SortingLayer: 0
  m_SortingOrder: 0
  m_Positions: []
  m_Parameters:
    serializedVersion: 3
    widthMultiplier: 0.1
    widthCurve:
      serializedVersion: 2
      m_Curve:
      - serializedVersion: 3
        time: 0
        value: 1
        inSlope: 0
        outSlope: 0
        tangentMode: 0
        weightedMode: 0
        inWeight: 0.33333334
        outWeight: 0.33333334
      - serializedVersion: 3
        time: 0.7893661
        value: 1
        inSlope: 0
        outSlope: 0
        tangentMode: 0
        weightedMode: 0
        inWeight: 0.33333334
        outWeight: 0.33333334
      - serializedVersion: 3
        time: 1
        value: 0
        inSlope: 0
        outSlope: 0
        tangentMode: 0
        weightedMode: 0
        inWeight: 0
        outWeight: 0
      m_PreInfinity: 2
      m_PostInfinity: 2
      m_RotationOrder: 4
    colorGradient:
      serializedVersion: 2
      key0: {r: 1.4436008, g: 5.824182, b: 9.5078535, a: 0}
      key1: {r: 0.23529412, g: 0.9098039, b: 1.7333333, a: 1}
      key2: {r: 0.3137255, g: 0.3529412, b: 1.0588236, a: 1}
      key3: {r: 0.22350326, g: 0.2589117, b: 0.47861308, a: 0}
      key4: {r: 0, g: 0, b: 0, a: 0}
      key5: {r: 0, g: 0, b: 0, a: 0}
      key6: {r: 0, g: 0, b: 0, a: 0}
      key7: {r: 0, g: 0, b: 0, a: 0}
      ctime0: 0
      ctime1: 23130
      ctime2: 49922
      ctime3: 65535
      ctime4: 0
      ctime5: 0
      ctime6: 0
      ctime7: 0
      atime0: 0
      atime1: 4433
      atime2: 49151
      atime3: 64764
      atime4: 0
      atime5: 0
      atime6: 0
      atime7: 0
      m_Mode: 0
      m_NumColorKeys: 4
      m_NumAlphaKeys: 4
    numCornerVertices: 0
    numCapVertices: 0
    alignment: 0
    textureMode: 0
    shadowBias: 0.5
    generateLightingData: 0
  m_UseWorldSpace: 1
  m_Loop: 0
--- !u!114 &1990165468349781411
MonoBehaviour:
  m_ObjectHideFlags: 0
  m_CorrespondingSourceObject: {fileID: 0}
  m_PrefabInstance: {fileID: 0}
  m_PrefabAsset: {fileID: 0}
  m_GameObject: {fileID: 9176619916171690049}
  m_Enabled: 1
  m_EditorHideFlags: 0
  m_Script: {fileID: 11500000, guid: 97a861d2e8940ea4e8cf01fba00253db, type: 3}
  m_Name: 
  m_EditorClassIdentifier: 
  UpdateInterval: 0.05
  MaxPoints: 50
--- !u!114 &8861028316165133539
MonoBehaviour:
  m_ObjectHideFlags: 0
  m_CorrespondingSourceObject: {fileID: 0}
  m_PrefabInstance: {fileID: 0}
  m_PrefabAsset: {fileID: 0}
  m_GameObject: {fileID: 9176619916171690049}
  m_Enabled: 1
  m_EditorHideFlags: 0
  m_Script: {fileID: 11500000, guid: 75a833d0ce6f9874083173a5e1924387, type: 3}
  m_Name: 
  m_EditorClassIdentifier: 
  Center: {fileID: 0}
  MinSpeed: 0.4
  MaxSpeed: 0.6
  CurrentSpeed: 0
  Direction: 1
--- !u!114 &8686216077928006124
MonoBehaviour:
  m_ObjectHideFlags: 0
  m_CorrespondingSourceObject: {fileID: 0}
  m_PrefabInstance: {fileID: 0}
  m_PrefabAsset: {fileID: 0}
  m_GameObject: {fileID: 9176619916171690049}
  m_Enabled: 1
  m_EditorHideFlags: 0
  m_Script: {fileID: 11500000, guid: efc3f28f0ab54f8685281d15d7da620f, type: 3}
  m_Name: 
  m_EditorClassIdentifier: 
  Type: 2
  RotationSpeed: 1.5
  Hp: 25
  HpMax: 25
  Weapon: {fileID: 3268003238956197441}
--- !u!1001 &8378649780017398793
PrefabInstance:
  m_ObjectHideFlags: 0
  serializedVersion: 2
  m_Modification:
    m_TransformParent: {fileID: 4640045801067495718}
    m_Modifications:
    - target: {fileID: 4061798971670195248, guid: a1f723a3a2d4e5c43afac82ac24d8586,
        type: 3}
      propertyPath: m_Name
      value: HeavyLauncher
      objectReference: {fileID: 0}
    - target: {fileID: 6421207506090517064, guid: a1f723a3a2d4e5c43afac82ac24d8586,
        type: 3}
      propertyPath: ProjectilePrefab
      value: 
      objectReference: {fileID: 2439164040820112134, guid: 4479b1a8bf907934eaf0f76ce7fe6b4c,
        type: 3}
    - target: {fileID: 9064791983614892602, guid: a1f723a3a2d4e5c43afac82ac24d8586,
        type: 3}
      propertyPath: m_LocalPosition.x
      value: 0
      objectReference: {fileID: 0}
    - target: {fileID: 9064791983614892602, guid: a1f723a3a2d4e5c43afac82ac24d8586,
        type: 3}
      propertyPath: m_LocalPosition.y
      value: 0
      objectReference: {fileID: 0}
    - target: {fileID: 9064791983614892602, guid: a1f723a3a2d4e5c43afac82ac24d8586,
        type: 3}
      propertyPath: m_LocalPosition.z
      value: 0.661
      objectReference: {fileID: 0}
    - target: {fileID: 9064791983614892602, guid: a1f723a3a2d4e5c43afac82ac24d8586,
        type: 3}
      propertyPath: m_LocalRotation.x
      value: 0.7071068
      objectReference: {fileID: 0}
    - target: {fileID: 9064791983614892602, guid: a1f723a3a2d4e5c43afac82ac24d8586,
        type: 3}
      propertyPath: m_LocalRotation.y
      value: 0
      objectReference: {fileID: 0}
    - target: {fileID: 9064791983614892602, guid: a1f723a3a2d4e5c43afac82ac24d8586,
        type: 3}
      propertyPath: m_LocalRotation.z
      value: 0
      objectReference: {fileID: 0}
    - target: {fileID: 9064791983614892602, guid: a1f723a3a2d4e5c43afac82ac24d8586,
        type: 3}
      propertyPath: m_LocalRotation.w
      value: 0.7071068
      objectReference: {fileID: 0}
    - target: {fileID: 9064791983614892602, guid: a1f723a3a2d4e5c43afac82ac24d8586,
        type: 3}
      propertyPath: m_RootOrder
      value: 0
      objectReference: {fileID: 0}
    - target: {fileID: 9064791983614892602, guid: a1f723a3a2d4e5c43afac82ac24d8586,
        type: 3}
      propertyPath: m_LocalEulerAnglesHint.x
      value: 90
      objectReference: {fileID: 0}
    - target: {fileID: 9064791983614892602, guid: a1f723a3a2d4e5c43afac82ac24d8586,
        type: 3}
      propertyPath: m_LocalEulerAnglesHint.y
      value: 0
      objectReference: {fileID: 0}
    - target: {fileID: 9064791983614892602, guid: a1f723a3a2d4e5c43afac82ac24d8586,
        type: 3}
      propertyPath: m_LocalEulerAnglesHint.z
      value: 0
      objectReference: {fileID: 0}
    m_RemovedComponents: []
  m_SourcePrefab: {fileID: 100100000, guid: a1f723a3a2d4e5c43afac82ac24d8586, type: 3}
--- !u!4 &687482689510121011 stripped
Transform:
  m_CorrespondingSourceObject: {fileID: 9064791983614892602, guid: a1f723a3a2d4e5c43afac82ac24d8586,
    type: 3}
  m_PrefabInstance: {fileID: 8378649780017398793}
  m_PrefabAsset: {fileID: 0}
--- !u!114 &3268003238956197441 stripped
MonoBehaviour:
  m_CorrespondingSourceObject: {fileID: 6421207506090517064, guid: a1f723a3a2d4e5c43afac82ac24d8586,
    type: 3}
  m_PrefabInstance: {fileID: 8378649780017398793}
  m_PrefabAsset: {fileID: 0}
  m_GameObject: {fileID: 0}
  m_Enabled: 1
  m_EditorHideFlags: 0
  m_Script: {fileID: 11500000, guid: f68f4bb60162495088f531bced093415, type: 3}
  m_Name: 
  m_EditorClassIdentifier: 
